@article{Pirolli_Anderson_1985,
	title = "The Role of Learning from Examples in the Acquisition of Recursive Programming Skills",
    volume = "39",
    ISSN = "0008-4255",
    number = "2",
    journal = "Canadian Journal of Psychology/Revue canadienne de psychologie",
    author = "Pirolli, Peter L. and Anderson, John R.",
    year = "1985",
    pages = "240-272"	}

@inbook{Pirolli_Anderson_Farrell_1984,
 	title = "Learning to program recursion",
    booktitle = "Proceedings of the Sixth Annual Cognitive Science Meetings",
    author = "Pirolli, Peter L. and Anderson, John R. and Farrell, Robert G.",
    year = "1984",
    pages = "277-280"	}

@inbook{Spohrer_Soloway_1989, 
	place = "San Francisco, CA, USA",
    series = "IJCAI '89",
    title = "Simulating Student Programmers",
    booktitle = "Proceedings of the 11th International Joint Conference on Artificial Intelligence - Volume 1",
    publisher = "Morgan Kaufmann Publishers Inc.",
    author = "Spohrer, James C. and Soloway, Elliot",
    year = "1989",
    pages = "543-549",
    collection = "IJCAI '89"	}

@article{Spohrer_Soloway_1986, 
	title = "Novice Mistakes: Are the Folk Wisdoms Correct?",
    volume = "29",
    ISSN = "0001-0782",
    number = "7",
    journal = "Commun. ACM",
    author = "Spohrer, James C. and Soloway, Elliot",
    year = "1986",
    month = "July",
    pages = "624-632"	}

@article{Shneiderman_1976, 
	title = "Exploratory Experiments in Programmer Behavior",
    volume = "5",
    ISSN = "0091-7036, 1573-7640",
    number = "2",
    journal = "International Journal of Computer and Information Sciences",
    author = "Shneiderman, Ben",
    year = "1976",
    month = "June",
    pages = "123-143"	}

@article{Soloway_Ehrlich_1984, 
	title = "Empirical Studies of Programming Knowledge",
    volume = "SE-10",
    ISSN = "0098-5589",
    number = "5",
    journal = "IEEE Transactions on Software Engineering",
    author = "Soloway, Elliot and Ehrlich, Kate",
    year = "1984",
    month = "September",
    pages = "595-609"	}

@article{Rist_1991, 
	title = "Knowledge Creation and Retrieval in Program Design: A Comparison of Novice and Intermediate Student Programmers",
    volume = "6",
    ISSN = "0737-0024",
    number = "1",
    journal = "Hum.-Comput. Interact.",
    author = "Rist, Robert S.",
    year = "1991",
    month = "Mar",
    pages = "1-46"	}

@article{Rist_1989, 
	title = "Schema Creation in Programming",
    journal = "Cognitive Science",
    author = "Rist, Robert S.",
    year = "1989",
    pages = "389-414"	}

@article{Soloway_1986,
	title = "Learning to Program = Learning to Construct Mechanisms and Explanations",
    volume = "29",
    ISSN = "0001-0782",
    number = "9",
    journal = "Communications of the ACM",
    author = "Soloway, Elliot",
    year = "1986",
    month = "September",
    pages = "850-858"	}
    
 @book{htdp,
  author = "Matthias Felleisen and Robert Bruce Findler and Matthew
  Flatt and Shriram Krishnamurthi",
  title = "How to Design Programs",
  publisher = "MIT Press",
  year = 2001 
}

@article{Berland_Martin_Benton_Smith_Davis_2013,
	title = "Using Learning Analytics to Understand the Learning Pathways of Novice Programmers",
    volume = "22",
    ISSN = "1050-8406",
    number = "4", 
    journal = "Journal of the Learning Sciences",
    author = "Berland, Matthew and Martin, Taylor and Benton, Tom and Smith, Carmen Petrick and Davis, Don",
    year = "2013",
    month = "Oct", 
    pages = "564-599"
}
